<?xml version="1.0" encoding="UTF-8"?><record xmlns="http://www.loc.gov/MARC21/slim" xmlns:cinclude="http://apache.org/cocoon/include/1.0" xmlns:zs="http://www.loc.gov/zing/srw/">
  <leader>00455nz  a2200121n  4500</leader>
  <controlfield tag="001">n 2006211505</controlfield>
  <controlfield tag="003">DLC</controlfield>
  <controlfield tag="005">20060607073131.0</controlfield>
  <controlfield tag="008">060607n| acannaabn          |n aaa      </controlfield>
  <datafield tag="010" ind1=" " ind2=" ">
    <subfield code="a">n 2006211505</subfield>
  </datafield>
  <datafield tag="040" ind1=" " ind2=" ">
    <subfield code="a">DLC</subfield>
    <subfield code="b">eng</subfield>
    <subfield code="c">DLC</subfield>
  </datafield>
  <datafield tag="100" ind1="1" ind2=" ">
    <subfield code="a">Kohler, Heinz Charles</subfield>
  </datafield>
  <datafield tag="670" ind1=" " ind2=" ">
    <subfield code="a">Epistemologia, cidade e meio ambiente, 2003:</subfield>
    <subfield code="b">t.p. (Heinz Charles Kohler) p. 246 (prof. adjunto, Programa de Pós-Graduação em Geografia, Tratamento da Informação Espacial, PUC Minas)</subfield>
  </datafield>
</record>